@Manual{R-data.table,
  title = {data.table: Extension of Data.frame},
  author = {M Dowle and A Srinivasan and T Short and S Lianoglou with contributions from R Saporta and E Antonyan},
  note = {R package version 1.9.7},
  url = {https://github.com/Rdatatable/data.table/wiki},
  year = {2016},
}
@Manual{R-devEMF,
  title = {devEMF: EMF Graphics Output Device},
  author = {Philip Johnson},
  year = {2015},
  note = {R package version 2.0},
  url = {https://CRAN.R-project.org/package=devEMF},
}
@Manual{R-devtools,
  title = {devtools: Tools to Make Developing R Packages Easier},
  author = {Hadley Wickham and Winston Chang},
  year = {2016},
  note = {R package version 1.11.0},
  url = {https://CRAN.R-project.org/package=devtools},
}
@Manual{R-directlabels,
  title = {directlabels: Direct Labels for Multicolor Plots},
  author = {Toby Dylan Hocking},
  year = {2015},
  note = {R package version 2015.12.16},
  url = {https://CRAN.R-project.org/package=directlabels},
}
@Manual{R-dplyr,
  title = {dplyr: A Grammar of Data Manipulation},
  author = {Hadley Wickham and Romain Francois},
  year = {2015},
  note = {R package version 0.4.3},
  url = {https://CRAN.R-project.org/package=dplyr},
}
@Manual{R-expm,
  title = {expm: Matrix Exponential},
  author = {Vincent Goulet and Christophe Dutang and Martin Maechler and David Firth and Marina Shapira and Michael Stadelmann and {expm-developers@lists.R-forge.R-project.org}},
  year = {2015},
  note = {R package version 0.999-0},
  url = {https://CRAN.R-project.org/package=expm},
}
@Manual{R-foreign,
  title = {foreign: Read Data Stored by Minitab, S, SAS, SPSS, Stata, Systat, Weka,
dBase, ...},
  author = {{R Core Team}},
  year = {2015},
  note = {R package version 0.8-66},
  url = {https://CRAN.R-project.org/package=foreign},
}
@Manual{R-Formula,
  title = {Formula: Extended Model Formulas},
  author = {Achim Zeileis and Yves Croissant},
  year = {2015},
  note = {R package version 1.2-1},
  url = {https://CRAN.R-project.org/package=Formula},
}
@Manual{R-ggplot2,
  title = {ggplot2: An Implementation of the Grammar of Graphics},
  author = {Hadley Wickham and Winston Chang},
  year = {2016},
  note = {R package version 2.1.0},
  url = {https://CRAN.R-project.org/package=ggplot2},
}
@Manual{R-ggrepel,
  title = {ggrepel: Repulsive Text and Label Geoms for 'ggplot2'},
  author = {Kamil Slowikowski},
  year = {2016},
  note = {R package version 0.5},
  url = {https://CRAN.R-project.org/package=ggrepel},
}
@Manual{R-grattan,
  title = {grattan: Create charts in the style of the Grattan Insitute, Melbourne; perform
common quantitative tasks for Australian policy analysts},
  author = {Hugh Parsonage},
  year = {2015},
  note = {R package version 0.3.0.1},
}
@Manual{R-gridExtra,
  title = {gridExtra: Miscellaneous Functions for "Grid" Graphics},
  author = {Baptiste Auguie},
  year = {2016},
  note = {R package version 2.2.1},
  url = {https://CRAN.R-project.org/package=gridExtra},
}
@Manual{R-Hmisc,
  title = {Hmisc: Harrell Miscellaneous},
  author = {Harrell, Jr., Frank E},
  year = {2016},
  note = {R package version 3.17-3},
  url = {https://CRAN.R-project.org/package=Hmisc},
}
@Manual{R-httr,
  title = {httr: Tools for Working with URLs and HTTP},
  author = {Hadley Wickham},
  year = {2016},
  note = {R package version 1.1.0},
  url = {https://CRAN.R-project.org/package=httr},
}
@Manual{R-knitr,
  title = {knitr: A General-Purpose Package for Dynamic Report Generation in R},
  author = {Yihui Xie},
  year = {2016},
  note = {R package version 1.12.3},
  url = {https://CRAN.R-project.org/package=knitr},
}
@Manual{R-lattice,
  title = {lattice: Trellis Graphics for R},
  author = {Deepayan Sarkar},
  year = {2015},
  note = {R package version 0.20-33},
  url = {https://CRAN.R-project.org/package=lattice},
}
@Manual{R-magrittr,
  title = {magrittr: A Forward-Pipe Operator for R},
  author = {Stefan Milton Bache and Hadley Wickham},
  year = {2014},
  note = {R package version 1.5},
  url = {https://CRAN.R-project.org/package=magrittr},
}
@Manual{R-Matrix,
  title = {Matrix: Sparse and Dense Matrix Classes and Methods},
  author = {Douglas Bates and Martin Maechler},
  year = {2016},
  note = {R package version 1.2-4},
  url = {https://CRAN.R-project.org/package=Matrix},
}
@Manual{R-openxlsx,
  title = {openxlsx: Read, Write and Edit XLSX Files},
  author = {Alexander Walker},
  year = {2015},
  note = {R package version 3.0.0},
  url = {https://CRAN.R-project.org/package=openxlsx},
}
@Manual{R-readr,
  title = {readr: Read Tabular Data},
  author = {Hadley Wickham and Romain Francois},
  year = {2015},
  note = {R package version 0.2.2},
  url = {https://CRAN.R-project.org/package=readr},
}
@Manual{R-readxl,
  title = {readxl: Read Excel Files},
  author = {Hadley Wickham},
  year = {2016},
  note = {R package version 0.1.1},
  url = {https://CRAN.R-project.org/package=readxl},
}
@Manual{R-rsdmx,
  title = {rsdmx: Tools for Reading SDMX Data and Metadata},
  author = {Emmanuel Blondel},
  year = {2016},
  note = {R package version 0.5-3},
  url = {https://CRAN.R-project.org/package=rsdmx},
}
@Manual{R-scales,
  title = {scales: Scale Functions for Visualization},
  author = {Hadley Wickham},
  year = {2016},
  note = {R package version 0.4.0},
  url = {https://CRAN.R-project.org/package=scales},
}
@Manual{R-survey,
  title = {survey: analysis of complex survey samples},
  author = {Thomas Lumley},
  year = {2014},
  note = {R package version 3.30-3},
  url = {https://CRAN.R-project.org/package=survey},
}
@Manual{R-survival,
  title = {survival: Survival Analysis},
  author = {Terry M Therneau},
  year = {2015},
  note = {R package version 2.38-3},
  url = {https://CRAN.R-project.org/package=survival},
}
@Manual{R-taxstats,
  title = {taxstats: Supply ATO data for convenience.},
  author = {Hugh Parsonage},
  year = {2016},
  note = {R package version 0.0.2.1314},
}
@Manual{R-testthat,
  title = {testthat: Unit Testing for R},
  author = {Hadley Wickham},
  year = {2016},
  note = {R package version 1.0.0},
  url = {https://CRAN.R-project.org/package=testthat},
}
@Manual{R-tidyr,
  title = {tidyr: Easily Tidy Data with `spread()` and `gather()` Functions},
  author = {Hadley Wickham},
  year = {2016},
  note = {R package version 0.4.1},
  url = {https://CRAN.R-project.org/package=tidyr},
}
@Manual{R-xtable,
  title = {xtable: Export Tables to LaTeX or HTML},
  author = {David B. Dahl},
  year = {2016},
  note = {R package version 1.8-2},
  url = {https://CRAN.R-project.org/package=xtable},
}
@Manual{R-zoo,
  title = {zoo: S3 Infrastructure for Regular and Irregular Time Series (Z's
Ordered Observations)},
  author = {Achim Zeileis and Gabor Grothendieck and Jeffrey A. Ryan},
  year = {2015},
  note = {R package version 1.7-12},
  url = {https://CRAN.R-project.org/package=zoo},
}
